@article{ramirez2020machine,
  title="Machine learning for music genre: multifaceted review and experimentation with audioset",
  author="Ramirez, Jaime and Flores, M Julia",
  journal="Journal of Intelligent Information Systems",
  volume="55",
  number="3",
  pages="469--499",
  year="2020",
  publisher="Springer",
  doi="10.1007/s10844-019-00582-9"
}

@inproceedings{ramirez2022user,
  title={User-centric Music Recommendations},
  author={Ramirez-Castillo, Jaime and Flores, M Julia and Nicholson, Ann E},
  booktitle={16th Bayesian Modelling Applications Workshop,
  Conference on Uncertainty in Artificial Intelligence, Eindhoven, The Netherlands)},
  year={2022}
}

@inproceedings{ccano2017music,
  title={Music mood dataset creation based on last. fm tags},
  author={{\c{C}}ano, Erion and Morisio, Maurizio and others},
  booktitle={International Conference on Artificial Intelligence and Applications, Vienna, Austria},
  pages={15--26},
  year={2017}
}

@article{bodo2018connecting,
  title={Connecting the Last. fm Dataset to LyricWiki and MusicBrainz. Lyrics-based experiments in genre classification},
  author={Bod{\'o}, Zal{\'a}n and Szil{\'a}gyi, Eszter},
  journal={Acta Universitatis Sapientiae, Informatica},
  volume={10},
  number={2},
  pages={158--182},
  year={2018}
}

@inproceedings{Bertin-Mahieux2011,
  author = {Thierry Bertin-Mahieux and Daniel P.W. Ellis and Brian Whitman and Paul Lamere},
  title = {The Million Song Dataset},
  booktitle = {{Proceedings of the 12th International Conference on Music Information
	Retrieval ({ISMIR})}},
  year = {2011},
  owner = {thierry},
  timestamp = {2010.03.07}
}


@inproceedings{laurier2009music,
  title={Music Mood Representations from Social Tags.},
  author={Laurier, Cyril and Sordo, Mohamed and Serra, Joan and Herrera, Perfecto},
  booktitle={ISMIR},
  pages={381--386},
  year={2009}
}


@inproceedings{wang2019gender,
  title={Gender differences in the global music industry: Evidence from musicbrainz and the echo nest},
  author={Wang, Yixue and Horv{\'a}t, Em{\H{o}}ke-{\'A}gnes},
  booktitle={Proceedings of the International AAAI Conference on Web and Social Media},
  volume={13},
  pages={517--526},
  year={2019}
}


@article{jamdar2015emotion,
  title={Emotion analysis of songs based on lyrical and audio features},
  author={Jamdar, Adit and Abraham, Jessica and Khanna, Karishma and Dubey, Rahul},
  journal={arXiv preprint arXiv:1506.05012},
  year={2015}
}

@inproceedings{benzi2016song,
  title={Song recommendation with non-negative matrix factorization and graph total variation},
  author={Benzi, Kirell and Kalofolias, Vassiiis and Bresson, Xavier and Vandergheynst, Pierre},
  booktitle={2016 IEEE International Conference on Acoustics, Speech and Signal Processing (ICASSP)},
  pages={2439--2443},
  year={2016},
  organization={Ieee}
}

@inproceedings{pinter2020p4kxspotify,
  title={P4kxspotify: A dataset of pitchfork music reviews and spotify musical features},
  author={Pinter, Anthony T and Paul, Jacob M and Smith, Jessie and Brubaker, Jed R},
  booktitle={Proceedings of the International AAAI Conference on Web and Social Media},
  volume={14},
  pages={895--902},
  year={2020}
}

@inproceedings{panda2021does,
  title={How Does the Spotify API Compare to the Music Emotion Recognition State-of-the-Art?},
  author={Panda, Renato and Redinho, Hugo and Gon{\c{c}}alves, Carolina and Malheiro, Ricardo and Paiva, Rui Pedro},
  booktitle={18th Sound and Music Computing Conference (SMC 2021)},
  pages={238--245},
  year={2021}
}

@softmisc{xgboost,
  title		= "xgboost",
  author = "xgboost",
  note		= "\url{https://xgboost.readthedocs.io/en/stable/tutorials/model.html}",
}

@article{bayesian,
  author    = {Michael E. Tipping},
  title     = {Sparse Bayesian Learning and the Relevance Vector Machine},
  journal   = {J. Mach. Learn. Res.},
  volume    = {1},
  pages     = {211--244},
  year      = {2001},
  url       = {http://jmlr.org/papers/v1/tipping01a.html},
  timestamp = {Wed, 10 Jul 2019 15:28:27 +0200},
  biburl    = {https://dblp.org/rec/journals/jmlr/Tipping01.bib},
  bibsource = {dblp computer science bibliography, https://dblp.org}
}


% Examples below vvvvvvvvvvvvvv


%% Journal article
@article{bib1,
  author		= "Campbell, S. L. and Gear, C. W.",
  title			= "The index of general nonlinear {D}{A}{E}{S}",
  journal		= "Numer. {M}ath.",
  volume		= "72",
  number		= "2",
  pages			= "173--196",
  year			= "1995"
}

%% Journal article with DOI
@article{bib2,
  author		= "Slifka, M. K. and Whitton, J. L.",
  title			= "Clinical implications of dysregulated cytokine production",
  journal		= "J. {M}ol. {M}ed.",
  volume		= "78",
  pages			= "74--80",
  year			= "2000",
  doi			= "10.1007/s001090000086"
}

%% Journal article
@article{bib3,
  author		= "Hamburger, C.",
  title			= "Quasimonotonicity, regularity and duality for nonlinear systems of
					partial differential equations",
  journal		= "Ann. Mat. Pura. Appl.",
  volume		= "169",
  number		= "2",
  pages			= "321--354",
  year			= "1995"
}

%% book, authored
@book{bib4,
  author		= "Geddes, K. O. and Czapor, S. R. and Labahn, G.",
  title			= "Algorithms for {C}omputer {A}lgebra",
  address		= "Boston",
  publisher		= "Kluwer",
  year			= "1992"
}

%% Item 8. Book, chapter
@incollection{bib5,
  author		= "Broy, M.",
  title			= "Software engineering---from auxiliary to key technologies",
  editor		= "Broy, M. and Denert, E.",
  booktitle		= "Software Pioneers",
  pages			= "10--13",
  address		= "New {Y}ork",
  publisher		= "Springer",
  year			= "1992"
}

%% Book, edited
@book{bib6,
  editor		= "Seymour, R. S.",
  title			= "Conductive {P}olymers",
  address		= "New {Y}ork",
  publisher		= "Plenum",
  year			= "1981"
}

%% Chapter in a book in a series with volume titles
@inproceedings{bib7,
  author		= "Smith, S. E.",
  title			= "Neuromuscular blocking drugs in man",
  editor		= "Zaimis, E.",
  volume		= "42",
  booktitle		= "Neuromuscular junction. {H}andbook of experimental pharmacology",
  pages			= "593--660",
  address		= "Heidelberg",
  publisher		= "Springer",
  year			= "1976"
}

%% Paper presented at a conference
@misc{bib8,
  author		= "Chung, S. T. and Morris, R. L.",
  title			= "Isolation and characterization of plasmid deoxyribonucleic acid from
					Streptomyces fradiae",
  year			= "1978",
  note			= "Paper presented at the 3rd international symposium on the genetics
					of industrial microorganisms, University of {W}isconsin, {M}adison,
					4--9 June 1978"
}

%% Data citation example
@misc{bib9,
  author		= "Hao, Z. and AghaKouchak, A. and Nakhjiri, N. and Farahmand, A.",
  title			= "Global integrated drought monitoring and prediction system (GIDMaPS) data sets",
  year			= "2014",
  note			= "figshare \url{https://doi.org/10.6084/m9.figshare.853801}"
}

%% Preprint citation example
@misc{bib10,
  author		= "Babichev, S. A. and Ries, J. and Lvovsky, A. I.",
  title			= "Quantum scissors: teleportation of single-mode optical states by means
					of a nonlocal single photon",
  year			= "2002",
  note			= "Preprint at \url{https://arxiv.org/abs/quant-ph/0208066v1}"
}

@article{bib11,
  author		= "Beneke, M. and Buchalla, G. and Dunietz, I.",
  title			= "Mixing induced {CP} asymmetries in inclusive {B} decays",
  journal		= "Phys. {L}ett.",
  volume		= "B393",
  year			= "1997",
  pages			= "132-142",
  archivePrefix		= "arXiv",
  eprint		= "0707.3168",
  primaryClass		= "gr-gc"
}

@softmisc{bib12,
  author		= "Stahl, B.",
  title			= "deep{SIP}: deep learning of {S}upernova {I}a {P}arameters",
  version		= "0.42",
  keywords		= "Software",
  howpublished		= "Astrophysics {S}ource {C}ode {L}ibrary",
  year			= "2020",
  month			= "Jun",
  eid			= "ascl:2006.023",
  pages			= "ascl:2006.023",
  archivePrefix		= "ascl",
  eprint		= "2006.023",
  adsurl		= "{https://ui.adsabs.harvard.edu/abs/2020ascl.soft06023S}",
  adsnote		= "Provided by the SAO/NASA Astrophysics Data System"
}


%%============================================================================%%
%% while using chicago reference style, both abbreviated and expanded form of %%
%% author name format is acceptable. Refer below example for expanded form    %%
%%============================================================================%%

%%  author		= "{Cameron, Deborah}", - single author
%%  author		= "{Saito, Yukio} and {Hyuga, Hiroyuki}", - double author

%%======================================%%
%% Example for author names with suffix %%
%%======================================%%

%%  author		= "{Price, R. A. Jr} and {Curry, N. {III}} and McCann, K. E. and
%%					Fielding, J. L. and {Abercrombie, E. Jr}",
