@article{ramirez2020machine,
  title={Machine learning for music genre: multifaceted review and experimentation with audioset},
  author={Ramirez, Jaime and Flores, M Julia},
  journal={Journal of Intelligent Information Systems},
  volume={55},
  number={3},
  pages={469--499},
  year={2020},
  publisher={Springer}
}